@article{DBLP:journals/corr/PfisterCZ15,
  author    = {Tomas Pfister and
               James Charles and
               Andrew Zisserman},
  title     = {Flowing ConvNets for Human Pose Estimation in Videos},
  journal   = {CoRR},
  volume    = {abs/1506.02897},
  year      = {2015},
  url       = {http://arxiv.org/abs/1506.02897},
  timestamp = {Wed, 01 Jul 2015 15:10:24 +0200},
  biburl    = {http://dblp.uni-trier.de/rec/bib/journals/corr/PfisterCZ15},
  bibsource = {dblp computer science bibliography, http://dblp.org}
}

@article{DBLP:journals/corr/BelagiannisZ16,
  author    = {Vasileios Belagiannis and
               Andrew Zisserman},
  title     = {Recurrent Human Pose Estimation},
  journal   = {CoRR},
  volume    = {abs/1605.02914},
  year      = {2016},
  url       = {http://arxiv.org/abs/1605.02914},
  timestamp = {Wed, 01 Jun 2016 15:51:08 +0200},
  biburl    = {http://dblp.uni-trier.de/rec/bib/journals/corr/BelagiannisZ16},
  bibsource = {dblp computer science bibliography, http://dblp.org}
}

@article{DBLP:journals/corr/WeiRKS16,
  author    = {Shih{-}En Wei and
               Varun Ramakrishna and
               Takeo Kanade and
               Yaser Sheikh},
  title     = {Convolutional Pose Machines},
  journal   = {CoRR},
  volume    = {abs/1602.00134},
  year      = {2016},
  url       = {http://arxiv.org/abs/1602.00134},
  timestamp = {Tue, 01 Mar 2016 17:47:25 +0100},
  biburl    = {http://dblp.uni-trier.de/rec/bib/journals/corr/WeiRKS16},
  bibsource = {dblp computer science bibliography, http://dblp.org}
}

@electronic{charades,
  organization = {Allen Institute for Artificial Intelligence},
  title        = {Charades Dataset},
  url          = {http://allenai.org/plato/charades/},
}

@inproceedings{msr-vtt,
        author = {Jun Xu and Tao Mei and Ting Yao and Yong Rui},
        title = {MSR-VTT: A Large Video Description Dataset for Bridging Video and Language},
        year = {2016},
        month = {June},
        publisher = {IEEE International Conference on Computer Vision and Pattern Recognition (CVPR)},
        url = {https://www.microsoft.com/en-us/research/publication/msr-vtt-a-large-video-description-dataset-for-bridging-video-and-language/},
}

@article{DBLP:journals/corr/KirosSZ14,
  author    = {Ryan Kiros and
               Ruslan Salakhutdinov and
               Richard S. Zemel},
  title     = {Unifying Visual-Semantic Embeddings with Multimodal Neural Language
               Models},
  journal   = {CoRR},
  volume    = {abs/1411.2539},
  year      = {2014},
  url       = {http://arxiv.org/abs/1411.2539},
  timestamp = {Mon, 01 Dec 2014 14:32:13 +0100},
  biburl    = {http://dblp.uni-trier.de/rec/bib/journals/corr/KirosSZ14},
  bibsource = {dblp computer science bibliography, http://dblp.org}
}
